% This file was created with JabRef 2.9.2.
% Encoding: UTF-8

@MISC{Villa_effectsof,
    author = {Oreste Villa and Daniel Chavarría-mir and Vidhya Gurumoorthi and Andrés Márquez and Sriram Krishnamoorthy},
    title = {Effects of Floating-Point non-Associativity on Numerical Computations on Massively Multithreaded Systems ∗},
    year = {2013}
}

@INCOLLECTION{Balasalle2012,
  author = {Balasalle, James and Lopez, Mario A. and Rutherford, Matthew J.},
  title = {Chapter 6 - Optimizing Memory Access Patterns for Cellular Automata
	on GPUs},
  booktitle = {Applications of GPU Computing Series},
  publisher = {Morgan Kaufmann},
  year = {2012},
  editor = {mei W. Hwu, Wen},
  pages = {67--75},
  address = {Boston},
  issn = {978-0-12-385963-1},
  owner = {knotman},
  timestamp = {2013.10.04},
  url = {http://www.sciencedirect.com/science/article/pii/B978012385963100006X}
}

@ARTICLE{berlekamp1982,
  author = {Berlekamp, E. R., Conway, J. H},
  title = {What Is Life?},
  journal = {Winning Ways for Your Mathematical Plays, Games in Particular},
  year = {1982},
  volume = {2},
  owner = {knotman},
  timestamp = {2013.10.08}
}

@ARTICLE{burks1970,
  author = {Burks, A.W},
  title = {Essays on Cellular Automata},
  year = {1970},
  owner = {knotman},
  timestamp = {2013.10.03}
}

@ARTICLE{Chopard1999,
  author = {Chopard, Bastien and Luthi, Pascal O.},
  title = {Lattice Boltzmann computations and applications to physics},
  journal = {Theoretical Computer Science},
  year = {1999},
  volume = {217},
  pages = {115--130},
  number = {1},
  month = mar,
  __markedentry = {[knotman:6]},
  issn = {0304-3975},
  keywords = {Lattice Boltzmann method, Cellular automata, Wave propagation, Fracture
	process},
  owner = {knotman},
  timestamp = {2013.10.08},
  url = {http://www.sciencedirect.com/science/article/pii/S0304397598001534}
}

@ARTICLE{conway1970,
  author = {J. Conway},
  title = {The game of life},
  journal = {Scientific American},
  year = {1970},
  owner = {knotman},
  timestamp = {2013.10.03}
}

@ARTICLE{Cook2004,
  author = {Cook, Matthew},
  title = {Universality in Elementary Cellular Automata},
  journal = {Complex Systems},
  year = {2004},
  volume = {15},
  pages = {1--40},
  number = {1},
  __markedentry = {[knotman:]},
  abstract = {The purpose of this paper is to prove a conjecture made by Stephen
	Wolfram in 1985, that an elementary one dimensional cellular automaton
	known as ``Rule 110'' is capable of universal computation. I developed
	this proof of his conjecture while assisting Stephen Wolfram on research
	for A New Kind of Science.},
  keywords = {cellular-automata, models-of-computation},
  owner = {knotman},
  refid = {Cook04a},
  timestamp = {2013.10.07}
}

@ARTICLE{Crisci2004,
  author = {Crisci, Gino M. and Rongo, Rocco and Di Gregorio, Salvatore and Spataro,
	William},
  title = {The simulation model SCIARA: the 1991 and 2001 lava flows at Mount
	Etna},
  journal = {Journal of Volcanology and Geothermal Research},
  year = {2004},
  volume = {132},
  pages = {253--267},
  number = {2-3},
  month = apr,
  booktitle = {Parameterisation and Modelling of Lava Flows},
  issn = {0377-0273},
  keywords = {lava, simulation, Cellular Automata, hazard},
  owner = {knotman},
  timestamp = {2013.10.03},
  url = {http://www.sciencedirect.com/science/article/pii/S0377027303003494}
}

@BOOK{Wells1986,
  title = {The Penguin Dictionary of Curious and Interesting Numbers},
  publisher = {Penguin Books},
  year = {1986},
  author = {Wells D.},
  owner = {knotman},
  timestamp = {2013.10.17}
}

@ARTICLE{dambrosio2012,
  author = {Donato D'ambrosio, Giuseppe Filippone, Rocco Rongo, William Spataro
	Giuseppe A. Trunfio},
  title = {Cellular automata and GPGPU:An application to lava flow modelling},
  journal = {International journal of Grid computing},
  year = {2012},
  volume = {4},
  pages = {30-47},
  owner = {knotman},
  timestamp = {2013.10.20}
}

@ARTICLE{Flynn1972,
  author = {Flynn, M.},
  title = {Some Computer Organizations and Their Effectiveness},
  journal = {Computers, IEEE Transactions on},
  year = {1972},
  volume = {C-21},
  pages = {948-960},
  number = {9},
  month = {Sept},
  doi = {10.1109/TC.1972.5009071},
  issn = {0018-9340}
}

@ARTICLE{Frisch1986,
  author = {Frisch, U. and Hasslacher, B. and Pomeau, Y.},
  title = {Lattice-Gas Automata for the Navier-Stokes Equation},
  journal = {Phys. Rev. Lett.},
  year = {1986},
  volume = {56},
  pages = {1505--1508},
  number = {14},
  month = apr,
  owner = {knotman},
  publisher = {American Physical Society},
  refid = {10.1103/PhysRevLett.56.1505},
  timestamp = {2013.10.03},
  url = {http://link.aps.org/doi/10.1103/PhysRevLett.56.1505}
}

@ARTICLE{Vichniac1984,
  author = {Vichniac G.},
  title = {Simulating physics with cellular automata},
  journal = {Physica},
  year = {1984},
  volume = {D 10},
  pages = {96-115},
  owner = {knotman},
  timestamp = {2013.10.08}
}

@ARTICLE{Ruxton1996,
  author = {Ruxton G.D.},
  title = {Effect of the spatial and temporal ordering of events on the behavior
	of a simple cellular automaton.},
  journal = {Ecological Modelling},
  year = {1996},
  volume = {84},
  pages = {311,314},
  owner = {knotman},
  timestamp = {2013.10.09}
}

@CONFERENCE{Gelsinger2004,
  author = {Pat Gelsinger},
  title = {Intel spring forum},
  year = {2004},
  owner = {knotman},
  timestamp = {2013.10.03},
  url = {http://download.intel.com/pressroom/kits/events/idfspr_2004/gelsinger_presentation.zip}
}

@ARTICLE{mooreLaw1965,
  author = {Moore Gordon},
  title = {Cramming more components onto integrated circuits},
  journal = {Electronics},
  year = {1965},
  volume = {38},
  pages = {114 ff.},
  owner = {knotman},
  timestamp = {2013.10.03}
}

@ARTICLE{Gregorio1999,
  author = {Salvatore Di Gregorio and Roberto Serra},
  title = {An empirical method for modelling and simulating some complex macroscopic
	phenomena by cellular automata },
  journal = {Future Generation Computer Systems},
  year = {1999},
  volume = {16},
  pages = {259 - 271},
  number = {2–3},
  doi = {http://dx.doi.org/10.1016/S0167-739X(99)00051-5},
  issn = {0167-739X},
  keywords = {Cellular automata},
  owner = {knotman},
  timestamp = {2013.10.03},
  url = {http://www.sciencedirect.com/science/article/pii/S0167739X99000515}
}

@BOOK{Ilachinski2001,
  title = {Cellular Automata: A Discrete Universe},
  publisher = {World Scientific},
  year = {2001},
  author = {Ilachinski, Andrew},
  address = {Singapore},
  added-at = {2011-09-14T17:18:57.000+0200},
  biburl = {http://www.bibsonomy.org/bibtex/2926912be1e5dde761c2d3f7aec5dd7f3/rincedd},
  groups = {public},
  interhash = {6ac6d96a9571fb1e35fa5f4d2ec9f289},
  intrahash = {926912be1e5dde761c2d3f7aec5dd7f3},
  isbn = {9-810-24623-4},
  keywords = {cellular-automata simulation algorithms},
  timestamp = {2011-09-14T17:18:57.000+0200},
  username = {rincedd}
}

@BOOK{culik1998,
  title = {Undecidability of CA Classification Schemes},
  year = {1998},
  author = {Karel Culik,Sheng Yu},
  owner = {knotman},
  timestamp = {2013.10.04}
}

@BOOK{Kirk2010,
  title = {Programming Massively Parallel Processors: A Hands-on Approach},
  publisher = {Morgan Kaufmann Publishers Inc.},
  year = {2010},
  author = {Kirk, David B. and Hwu, Wen-mei W.},
  address = {San Francisco, CA, USA},
  edition = {1st},
  isbn = {0123814723, 9780123814722}
}

@MASTERSTHESIS{LangtonThesis1990,
  author = {C.G. Langton},
  title = {Computation at the edge of chaos},
  school = {Univeristy of Michigan},
  year = {1990},
  owner = {Davide},
  timestamp = {2013.10.08}
}

@ARTICLE{Langton1990,
  author = {Langton, Chris G.},
  title = {Computation at the edge of chaos: phase transitions and emergent
	computation},
  journal = {Phys. D},
  year = {1990},
  volume = {42},
  pages = {12--37},
  number = {1-3},
  month = jun,
  acmid = {87520},
  address = {Amsterdam, The Netherlands, The Netherlands},
  doi = {10.1016/0167-2789(90)90064-V},
  issn = {0167-2789},
  issue_date = {June 1990},
  numpages = {26},
  publisher = {Elsevier Science Publishers B. V.},
  url = {http://dx.doi.org/10.1016/0167-2789(90)90064-V}
}

@ARTICLE{M.1972,
  author = {Flynn M.},
  title = {Some Computer Organizations and Their Effectiveness},
  journal = {IEEE Transactions on Computers},
  year = {1972},
  volume = {c-21},
  pages = {94},
  owner = {knotman},
  timestamp = {2013.10.14}
}

@ARTICLE{Margolus1986,
  author = {N. Margolus, T. Toffoli, G. Vichniac},
  title = {Cellular Automata supercomputers for fluid-dynamics modelling},
  journal = {Phys. Rev. Lett.},
  year = {1986},
  volume = {56},
  pages = {1694-1696},
  owner = {knotman},
  timestamp = {2013.10.03}
}

@ARTICLE{Froyd2005,
  author = {Nathan Froyd, John M. Mellor-Crummey, Robert J. Fowler},
  title = {Low-overhead call path profiling of unmodified, optimized code},
  journal = {International Conference on Supercomputing},
  year = {2005},
  owner = {knotman},
  timestamp = {2013.10.17}
}

@ARTICLE{Neumann1966,
  author = {Von Neumann},
  title = {Theory of Self Reproducing Automata},
  year = {1966},
  owner = {knotman},
  timestamp = {2013.10.03}
}

@BOOK{dynamicParallelism,
  title = {CUDA C Dynamic Parallelism},
  publisher = {Nvidia},
  year = {2012},
  editor = {5.0},
  author = {Nvidia},
  owner = {knotman},
  timestamp = {2013.10.03},
  url = {http://docs.nvidia.com/cuda/cuda-c-programming-guide/index.html#cuda-dynamic-parallelism}
}

@BOOK{NvidiaprogGuide,
  title = {CUDA C Programming Guide},
  year = {2012},
  editor = {5.0},
  author = {Nvidia},
  owner = {knotman},
  timestamp = {2013.10.03}
}

@BOOK{CUDACBESTPRACTICE,
  title = {CUDA C Best practices},
  publisher = {Nvidia},
  year = {2012},
  author = {Nvidia},
  owner = {knotman},
  timestamp = {2013.10.20}
}

@TECHREPORT{NVIDIA_KEPLER:2012,
  author = {Nvidia},
  title = {NVIDIA’s Next Generation CUDATM Compute Architecture: Kepler TM GK110},
  institution = {NVIDIA},
  year = {2012},
  owner = {davide},
  timestamp = {2013.12.11}
}

@ARTICLE{Park1984,
  author = {Park, Seung and Iversen, James D.},
  title = {Dynamics of lava flow: Thickness growth characteristics of steady
	two-dimensional flow},
  journal = {Geophysical Research Letters},
  year = {1984},
  volume = {11},
  pages = {641--644},
  number = {7},
  __markedentry = {[davide:6]},
  abstract = {The thickness growth characteristics of flowing lava are investigated
	using a heat balance model and a two-dimensional model for flow of
	a Bingham plastic fluid down an inclined plane. It is found that
	yield strength plays a crucial role in the thickening of a lava flow
	of given flow rate. To illustrate this point, downstream thickness
	profiles and yield strength distributions were calculated for flows
	with mass flow rates of 104 and 105 kg/m-sec. Higher flow rates led
	to slow cooling rates which resulted in slow rate of increase of
	yield strength and thus greater flow lengths.},
  doi = {10.1029/GL011i007p00641},
  issn = {1944-8007},
  owner = {davide},
  timestamp = {2014.07.09},
  url = {http://dx.doi.org/10.1029/GL011i007p00641}
}

@ARTICLE{Rengan1,
  author = {Rungan Xu, Sunita Chandrasekaran, Barbara Chapman},
  title = {An OpenACC Code for a C-based heat conduction code.},
  journal = {www.openacc.com},
  year = {2012},
  owner = {knotman},
  timestamp = {2013.10.05}
}

@ARTICLE{Succi1991,
  author = {S. Succi, R. Benzi, F. Higuera},
  title = {The lattice Boltzmann equation: A new tool for computational fluid
	dynamics},
  journal = {Physica},
  year = {1991},
  volume = {47},
  pages = {219-230},
  owner = {knotman},
  timestamp = {2013.10.03}
}

@ARTICLE{Sirakoulis2000,
  author = {Sirakoulis, G.Ch and Karafyllidis, I and Thanailakis, A},
  title = {A cellular automaton model for the effects of population movement
	and vaccination on epidemic propagation},
  journal = {Ecological Modelling},
  year = {2000},
  volume = {133},
  pages = {209--223},
  number = {3},
  month = sep,
  issn = {0304-3800},
  keywords = {Cellular automata, Epidemics, Modelling, Population dynamics, Vaccination},
  owner = {knotman},
  timestamp = {2013.10.03},
  url = {http://www.sciencedirect.com/science/article/pii/S0304380000002945}
}

@ARTICLE{Spataro2010,
  author = {Spataro, William and Avolio, Maria V. and Lupiano, Valeria and Trunfio,
	Giuseppe A. and Rongo, Rocco and D’Ambrosio, Donato},
  title = {The latest release of the lava flows simulation model SCIARA: First
	application to Mt Etna (Italy) and solution of the anisotropic flow
	direction problem on an ideal surface},
  journal = {Procedia Computer Science},
  year = {2010},
  volume = {1},
  pages = {17--26},
  number = {1},
  month = may,
  booktitle = {ICCS 2010},
  issn = {1877-0509},
  keywords = {Macroscopic cellular automata, Numerical simulation, Modelling, Lava
	flows, Mt Etna, Anisotropy problem},
  owner = {knotman},
  timestamp = {2013.10.03},
  url = {http://www.sciencedirect.com/science/article/pii/S1877050910000050}
}

@BOOK{toffoli1987,
  title = {Cellular Automata Machines: A New Environment for Modeling},
  publisher = {MIT Press},
  year = {1987},
  author = {T. Toffoli, N. Margolus},
  owner = {knotman},
  timestamp = {2013.10.03}
}

@ARTICLE{Thatcher1970,
  author = {J.W. Thatcher},
  title = {Universality in the Von Neumann Cellular mode},
  journal = {A.W. Burks (Ed.), Essays on Cellular Automata},
  year = {1970},
  pages = {103-131},
  owner = {knotman},
  timestamp = {2013.10.03}
}

@ARTICLE{Toffoli1984,
  author = {Toffoli, Tommaso},
  title = {Cellular automata as an alternative to (rather than an approximation
	of) differential equations in modeling physics},
  journal = {Physica D: Nonlinear Phenomena},
  year = {1984},
  volume = {10},
  pages = {117--127},
  number = {1-2},
  month = jan,
  issn = {0167-2789},
  owner = {knotman},
  timestamp = {2013.10.03},
  url = {http://www.sciencedirect.com/science/article/pii/0167278984902549}
}

@ARTICLE{Vichniac1984a,
  author = {G. Vichniac},
  title = {Simulating physics with Cellular Automata},
  journal = {Physica D,},
  year = {1984},
  volume = {10},
  pages = {96-115},
  owner = {knotman},
  timestamp = {2013.10.03}
}

@BOOK{Walter2004,
  title = {Efficient Simulation of CA with Few Activities},
  publisher = {Springer Berlin Heidelberg},
  year = {2004},
  editor = {Sloot, PeterM.A. and Chopard, Bastien and Hoekstra, AlfonsG.},
  author = {Walter, Richard and Worsch, Thomas},
  volume = {3305},
  pages = {101-110},
  series = {Lecture Notes in Computer Science},
  booktitle = {Cellular Automata},
  doi = {10.1007/978-3-540-30479-1_11},
  isbn = {978-3-540-23596-5},
  owner = {davide},
  timestamp = {2013.12.05},
  url = {http://dx.doi.org/10.1007/978-3-540-30479-1_11}
}

@BOOK{wolfram2002,
  title = {A new kind of science},
  publisher = {Wolfram Medica, Inc},
  year = {2002},
  author = {Stephen Wolfram},
  owner = {knotman},
  timestamp = {2013.10.04}
}

@ARTICLE{wolfram1986,
  author = {S. Wolfram},
  title = {Cellular automaton 
	
	uids 1: Basics theory.},
  journal = {Journal of Statistical Physics},
  year = {1986},
  volume = {45},
  pages = {471-526},
  owner = {knotman},
  timestamp = {2013.10.03}
}

@ARTICLE{wolfram1984,
  author = {Wolfram, Stephen},
  title = {Computation theory of cellular automata},
  journal = {Communications in Mathematical Physics},
  year = {1984},
  volume = {96},
  pages = {15-57},
  number = {1},
  doi = {10.1007/BF01217347},
  issn = {0010-3616},
  language = {English},
  publisher = {Springer-Verlag},
  url = {http://dx.doi.org/10.1007/BF01217347}
}

@ARTICLE{wolfram1983,
  author = {S. Wolfram},
  title = {Statistical mechanics of cellular automata},
  journal = {Reviews of Modern Physics},
  year = {1983},
  volume = {55},
  pages = {471-526},
  owner = {knotman},
  timestamp = {2013.10.03}
}

@OTHER{gurusite2013,
  month = jun,
  title = {http://www.guru3d.com/articles_pages/
geforce_gtx_780_review\,3.html , last accessed 7 jul 2014},
  year = {2009}
}

